<?xml version="1.0" encoding="UTF-8"?><record xmlns="http://www.loc.gov/MARC21/slim" xmlns:cinclude="http://apache.org/cocoon/include/1.0" xmlns:zs="http://www.loc.gov/zing/srw/">
  <leader>00422cz  a2200121n  4500</leader>
  <controlfield tag="001">n 2009022804</controlfield>
  <controlfield tag="003">DLC</controlfield>
  <controlfield tag="005">20090415075131.0</controlfield>
  <controlfield tag="008">090413n| acannaabn          |n aaa      </controlfield>
  <datafield tag="010" ind1=" " ind2=" ">
    <subfield code="a">n 2009022804</subfield>
  </datafield>
  <datafield tag="040" ind1=" " ind2=" ">
    <subfield code="a">DLC</subfield>
    <subfield code="b">eng</subfield>
    <subfield code="c">DLC</subfield>
    <subfield code="d">DLC</subfield>
  </datafield>
  <datafield tag="100" ind1="1" ind2=" ">
    <subfield code="a">Reed, Quentin</subfield>
  </datafield>
  <datafield tag="670" ind1=" " ind2=" ">
    <subfield code="a">Monitoring the misuse of administrative resources during the campaign for the December 2003 Russian Federal State Duma elections, 2004:</subfield>
    <subfield code="b">t.p. verso (Quentin Reed)</subfield>
  </datafield>
</record>